@article{bamberg2008gait,
  title={Gait analysis using a shoe-integrated wireless sensor system},
  author={Bamberg, Stacy J Morris and Benbasat, Ari Y and Scarborough, Donna M and Krebs, David E and Paradiso, Joseph A},
  journal={Information Technology in Biomedicine, IEEE Transactions on},
  volume={12},
  number={4},
  pages={413--423},
  year={2008},
  publisher={IEEE}
}